@book{par,
	author = {Ananth Grama and Anshul Gupta and George Karypis and Vipin Kumar},
	title = {Introduction to Parallel Computing},
	isbn = {9780201648652},
	edition = {2}
}
@book{hen,
	author = {John Hennessy and David Patterson},
	title = {Computer Architecture, a Quantitative Approach},
	publisher = {Morgan Kaufmann Publishers: San Francisco, CA},
	year = {2008},
	edition = {4}
}